%----------------------------------------------------------------------------------
% Exemplo do uso dos estilos bibliográficos tcc-{alpha,num}.bst.
% Veja o arquivo tcc.cls para mais detalhes e instruções.
%----------------------------------------------------------------------------------

-- Atenção! Sempre confira as entradas BibTeX copiadas de
bibliotecas digitais, pois muitas vezes as mesmas possuem o
formato incorreto, ou falta alguma informação necessária para
a referência.



-- Site para formatação
-- http://truben.no/latex/bibtex/#


-------------------------------------------- Exemplo de referência a artigos de revistas e periódicos

@inproceedings{Bonomi:2012,
 author = {Bonomi, Flavio and Milito, Rodolfo and Zhu, Jiang and Addepalli, Sateesh},
 title = {Fog Computing and Its Role in the Internet of Things},
 booktitle = {Proceedings of the First Edition of the MCC Workshop on Mobile Cloud Computing},
 series = {MCC '12},
 year = {2012},
 isbn = {978-1-4503-1519-7},
 location = {Helsinki, Finland},
 pages = {13--16},
 numpages = {4},
 url = {http://doi.acm.org/10.1145/2342509.2342513},
 doi = {10.1145/2342509.2342513},
 acmid = {2342513},
 publisher = {ACM},
 address = {New York, NY, USA},
 keywords = {analytics, cloud computing, fog computing, iot, real time systems, software defined networks, wsan},
} 

@techreport{Mell:2011,
 author = {Mell, Peter M. and Grance, Timothy},
 title = {SP 800-145. The NIST Definition of Cloud Computing},
 year = {2011},
 publisher = {National Institute of Standards \& Technology},
 address = {Gaithersburg, MD, United States},
} 

@article{DBLP:journals/corr/RomanLM16,
  author    = {Rodrigo Roman and
               Javier Lopez and
               Masahiro Mambo},
  title     = {Mobile Edge Computing, Fog et al.: {A} Survey and Analysis of Security
               Threats and Challenges},
  journal   = {CoRR},
  volume    = {abs/1602.00484},
  year      = {2016},
  url       = {http://arxiv.org/abs/1602.00484},
  archivePrefix = {arXiv},
  eprint    = {1602.00484},
  timestamp = {Wed, 07 Jun 2017 14:42:26 +0200},
  biburl    = {https://dblp.org/rec/bib/journals/corr/RomanLM16},
  bibsource = {dblp computer science bibliography, https://dblp.org}
}

@article{Vaquero:2014,
 author = {Vaquero, Luis M. and Rodero-Merino, Luis},
 title = {Finding Your Way in the Fog: Towards a Comprehensive Definition of Fog Computing},
 journal = {SIGCOMM Comput. Commun. Rev.},
 issue_date = {October 2014},
 volume = {44},
 number = {5},
 month = oct,
 year = {2014},
 issn = {0146-4833},
 pages = {27--32},
 numpages = {6},
 url = {http://doi.acm.org/10.1145/2677046.2677052},
 doi = {10.1145/2677046.2677052},
 acmid = {2677052},
 publisher = {ACM},
 address = {New York, NY, USA},
 keywords = {cloud computing, configuration management, fog computing, internet of things (iot), network function virtualisation (nfv), peer-to-peer (p2p), sensor networks},
}

@online{socketPython,
  author = {Python Software Foundation},
  title = { socket — Low-level networking interface},
  year = 2018,
  url = {https://docs.python.org/3/library/socket.html},
  urldate = {2018-04-02}
}

@online{ciscoSystems,
  author = {Margaret Rouse},
  title = {Cisco Systems, Inc.},
  year = 2018,
  url = {https://whatis.techtarget.com/definition/Cisco-Systems-Inc},
  urldate = {2018-04-02}
}

@online{edgeDevices,
  author = {Margaret Rouse},
  title = {Edge device.},
  year = 2018,
  url = {https://whatis.techtarget.com/definition/edge-device},
  urldate = {2018-04-02}
}

@online{definition:panaceia,
  title = {Significado de Panaceia.},
  year = 2018,
  url = {https://www.dicio.com.br/panaceia/},
  urldate = {2018-04-02}
}

@online{archfog:2017,
  title = {Should You Consider Fog Computing for Your IIoT?.},
  year = 2018,
  url = {https://www.moxa.com/newsletter/connection/2017/11/feat_02.htm},
  urldate = {2018-04-02}
}


@book{tanenbaum2011redes,
  title={Redes de computadores},
  author={Tanenbaum, A.S. and Wetherall, D.J. and Translations, O.},
  isbn={9788576059240},
  url={https://books.google.com.br/books?id=fnfwkQEACAAJ},
  year={2011},
  pages   = {28-33},
  publisher={PRENTICE HALL BRASIL}
}

@rfc{Rekhter:1995,
 author = {Rekhter, Y. and Li, T.},
 title = {A Border Gateway Protocol 4 (BGP-4)},
 year = {1995},
 publisher = {RFC Editor},
 address = {United States},
}

@article{Spencer:2015,
author = {Lewson, Spencer},
year = {2015},
month = {06},
pages = {},
title = {Fog Protocol and FogKit: A JSON-Based Protocol and Framework for Communication Between Bluetooth-Enabled Wearable Internet of Things Devices}
}

@misc{rfc7252,
	series =	{Request for Comments},
	number =	7252,
	howpublished =	{RFC 7252},
	publisher =	{RFC Editor},
	doi =		{10.17487/RFC7252},
	url =		{https://rfc-editor.org/rfc/rfc7252.txt},
        author =	{Zach Shelby and Klaus Hartke and Carsten Bormann},
	title =		{{The Constrained Application Protocol (CoAP)}},
	pagetotal =	112,
	year =		2014,
	month =		jun,
	abstract =	{The Constrained Application Protocol (CoAP) is a specialized web transfer protocol for use with constrained nodes and constrained (e.g., low-power, lossy) networks. The nodes often have 8-bit microcontrollers with small amounts of ROM and RAM, while constrained networks such as IPv6 over Low-Power Wireless Personal Area Networks (6LoWPANs) often have high packet error rates and a typical throughput of 10s of kbit/s. The protocol is designed for machine- to-machine (M2M) applications such as smart energy and building automation.},
}

@misc{rfc2616,
  added-at = {2006-07-02T00:05:26.000+0200},
  author = {Fielding, R. and Gettys, J. and Mogul, J. and Frystyk, H. and Masinter, L. and Leach, P. and Berners-Lee, T.},
  biburl = {https://www.bibsonomy.org/bibtex/2623e3c2409685a7fcece0273b8ebf981/jil},
  interhash = {ea213e32619512cfc4bdeb5d92daf5e4},
  intrahash = {623e3c2409685a7fcece0273b8ebf981},
  keywords = {2616 http standard seminar2006 rfc},
  timestamp = {2013-11-23T20:11:51.000+0100},
  title = {RFC 2616, Hypertext Transfer Protocol -- HTTP/1.1},
  url = {http://www.rfc.net/rfc2616.html},
  year = 1999 
}

@article{coap-article,
author = {Ishaq, Isam and Carels, David and Teklemariam, Girum and Hoebeke, Jeroen and Van den Abeele, Floris and De Poorter, Eli and Moerman, Ingrid and Demeester, Piet},
year = {2013},
month = {04},
pages = {235-287},
title = {IETF Standardization in the Field of the Internet of Things (IoT): A survey},
volume = {2},
booktitle = {Journal of Sensor and Actuator Networks}
}

@misc{rfc3986,
  added-at = {2006-10-13T12:56:52.000+0200},
  author = {Berners-Lee, T. and Fielding, R. and Masinter, L.},
  biburl = {https://www.bibsonomy.org/bibtex/2cc1699a90918746e2f6e76ab5107e5b2/tmalsburg},
  interhash = {266f30f3e02e5ebc5a0e3b307a7d70da},
  intrahash = {cc1699a90918746e2f6e76ab5107e5b2},
  keywords = {web programming specification},
  timestamp = {2006-10-13T12:56:52.000+0200},
  title = {RFC 3986, Uniform Resource Identifier (URI): Generic Syntax},
  url = {http://rfc.net/rfc3986.html},
  year = 2005
}

@misc{rfc2046,
	series =	{Request for Comments},
	number =	2046,
	howpublished =	{RFC 2046},
	publisher =	{RFC Editor},
	doi =		{10.17487/RFC2046},
	url =		{https://rfc-editor.org/rfc/rfc2046.txt},
        author =	{Ned Freed and Dr. Nathaniel S. Borenstein},
	title =		{{Multipurpose Internet Mail Extensions (MIME) Part Two: Media Types}},
	pagetotal =	44,
	year =		1996,
	month =		nov,
	abstract =	{This second document defines the general structure of the MIME media typing system and defines an initial set of media types. {[}STANDARDS-TRACK{]}},
}

@misc{rfc6347,
	series =	{Request for Comments},
	number =	6347,
	howpublished =	{RFC 6347},
	publisher =	{RFC Editor},
	doi =		{10.17487/RFC6347},
	url =		{https://rfc-editor.org/rfc/rfc6347.txt},
        author =	{Eric Rescorla and Nagendra Modadugu},
	title =		{{Datagram Transport Layer Security Version 1.2}},
	pagetotal =	32,
	year =		2012,
	month =		jan,
	abstract =	{This document specifies version 1.2 of the Datagram Transport Layer Security (DTLS) protocol. The DTLS protocol provides communications privacy for datagram protocols. The protocol allows client/server applications to communicate in a way that is designed to prevent eavesdropping, tampering, or message forgery. The DTLS protocol is based on the Transport Layer Security (TLS) protocol and provides equivalent security guarantees. Datagram semantics of the underlying transport are preserved by the DTLS protocol. This document updates DTLS 1.0 to work with TLS version 1.2. {[}STANDARDS-TRACK{]}},
}

@misc{rfc5785,
	series =	{Request for Comments},
	number =	5785,
	howpublished =	{RFC 5785},
	publisher =	{RFC Editor},
	doi =		{10.17487/RFC5785},
	url =		{https://rfc-editor.org/rfc/rfc5785.txt},
        author =	{Eran Hammer-Lahav and Mark Nottingham},
	title =		{{Defining Well-Known Uniform Resource Identifiers (URIs)}},
	pagetotal =	8,
	year =		2010,
	month =		apr,
	abstract =	{This memo defines a path prefix for "well-known locations", "/.well-known/", in selected Uniform Resource Identifier (URI) schemes. {[}STANDARDS-TRACK{]}},
}




























  

